<record><leader>00000cas a22000007a 4500</leader><controlfield tag="001">18024863</controlfield><controlfield tag="008">880601d189u19uutxuuu ne      0    0eng d</controlfield><datafield ind1=" " ind2=" " tag="010"><subfield code="a">sn 88083597 </subfield></datafield><datafield ind1=" " ind2=" " tag="040"><subfield code="a">PPM</subfield><subfield code="b">eng</subfield><subfield code="c">PPM</subfield><subfield code="d">OCLCQ</subfield></datafield><datafield ind1=" " ind2=" " tag="042"><subfield code="a">msc</subfield></datafield><datafield ind1="0" ind2=" " tag="130"><subfield code="a">Times review (Mount Pleasant, Tex.)</subfield></datafield><datafield ind1="1" ind2="4" tag="245"><subfield code="a">The times review.</subfield></datafield><datafield ind1=" " ind2=" " tag="260"><subfield code="a">Mount Pleasant, Tex. :</subfield><subfield code="b">Times Review Pub. Co.</subfield></datafield><datafield ind1=" " ind2=" " tag="588"><subfield code="a">Description based on: 51st yr, no. (Sept. 14, 1923).</subfield></datafield><datafield ind1=" " ind2=" " tag="752"><subfield code="a">United States</subfield><subfield code="b">Texas</subfield><subfield code="c">Titus</subfield><subfield code="d">Mount Pleasant.</subfield></datafield><datafield ind1="0" ind2=" " tag="775"><subfield code="t">Mt. Pleasant daily times</subfield><subfield code="w">(DLC)sn 86089700</subfield></datafield><datafield ind1="0" ind2="0" tag="780"><subfield code="t">Titus County times</subfield><subfield code="w">(DLC)sn 86089701</subfield></datafield><datafield ind1="0" ind2="0" tag="785"><subfield code="t">Mt. Pleasant times review</subfield><subfield code="w">(DLC)sn 86089760</subfield></datafield></record>